@misc{hardawar2012driving,
  title={Driving app Waze builds its own Siri for hands-free voice control},
  author={Hardawar, D},
  year={2012},
  publisher={Feb}
}

@online{wazeMobile,
author = {Waze},
title = {About Waze, \emph{https://www.waze.com/about}},
year = {2018},
url = {https://www.waze.com/about}
}

@article{sinai2014exploiting,
  title={Exploiting social navigation},
  author={Sinai, Meital Ben and Partush, Nimrod and Yadid, Shir and Yahav, Eran},
  journal={arXiv preprint arXiv:1410.0151},
  year={2014}
}

@inproceedings{silva2013traffic,
  title={Traffic condition is more than colored lines on a map: characterization of waze alerts},
  author={Silva, Thiago H and de Melo, Pedro OS Vaz and Viana, Aline Carneiro and Almeida, Jussara M and Salles, Juliana and Loureiro, Antonio AF},
  booktitle={International Conference on Social Informatics},
  pages={309--318},
  year={2013},
  organization={Springer}
}

@article{mcclendon2013google,
  title={Google Maps and Waze, outsmarting traffic together},
  author={McClendon, Brian},
  journal={Google| Official Blog},
  year={2013}
}

@online{wazeBlog,
author = {Waze},
title = {Blog, \emph{https://blog.waze.com/}},
year = {2018},
url = {https://blog.waze.com/}
}

@inproceedings{wang2014driver,
  title={Driver-to-driver communication on the highway: what drivers want},
  author={Wang, Chao and Gu, Jing and Terken, Jacques and Hu, Jun},
  booktitle={European Conference on Ambient Intelligence},
  pages={315--327},
  year={2014},
  organization={Springer}
}